0000 01INGBNL2AXXXX00001
0000 01INGBNL2AXXXX00001
940 00
:20:ING
:25:NL20INGB0001234567EUR
:28C:1
:60F:C131104EUR0,00
:61:131104D0,02NNOVEREF
:86:NL20INGB0002222222 INGBNL2A Creditor Name 01 E2ENA01014ULT2410201
3T1100xxxx1xxxx UstrNA01014ULT24102013T1100xxxx1xxx ULTCREDNM07 S
ECT01014 ULTDEBTNM04 SECT01014
:61:131104D0,04NNOVEREF
:86:NL20INGB0002222222 INGBNL2A Creditor Name 11 E2ENA0101b4ULT241020
13T1100xxxx1xxx 2062542165530231 ULTCREDNM08 SECT01014 ULTDEBTNM0
4 SECT01014
:61:131104D0,09NNOVEREF
:86:NL12INGB0003333333 INGBNL2A Creditor Name 09 E2ENA01014c4ULT24102
013T1100xxxx1xx RF35567890123456789012345 ULTCREDNM09 SECT01014 U
LTDEBTNM04 SECT01014
:61:131104C0,02NNOVEREF
:86:AC04 NL20INGB0002222222 INGBNL2A Creditor Name 01 E2ENA01014ULT24
102013T1100xxxx1xxxx UstrNA01014ULT24102013T1100xxxx1xxx ULTCREDN
M07 SECT01014 ULTDEBTNM04 SECT01014
:61:131104C0,04NNOVEREF
:86:MS03 NL20INGB0002222222 INGBNL2A Creditor Name 11 E2ENA0101b4ULT2
4102013T1100xxxx1xxx 2062542165530231 ULTCREDNM08 SECT01014 ULTDE
BTNM04 SECT01014
:62F:D131104EUR0,09
:64:D131104EUR0,09
:65:D131105EUR0,09
:65:D131106EUR0,09
:86:D000003C000002D0,15C0,06
-XXX