0000 01INGBNL2AXXXX00001
0000 01INGBNL2AXXXX00001
940 00
:20:ING
:25:0654321789
:28C:21
:60F:C120127EUR26,10
:61:120130D1,45N038MARF
:86:/RTRN/MS03//BUSP/Europese Incasso/eenmalig//BENM/NL50INGB00012345
67/INGBNL2A/ING Bank N.V. inzake WeB///CSID/NL32ZZZ999999991234//
MARF/EV45451//EREF/EV45451REP170112T1106//REMI/USTD//EV45451REP17
0112T1106/
:61:120130D2,56N036EREF
:86:/BENM/NL38INGB0654321789/INGBNL2A/ING Bank NV inzake EBW PP///ERE
F/EV1551551REP180112T1544//REMI/USTD//EV1551551REP180112T1544/
:61:120130D2,57N036PREF
:86:/BUSP/Verzamel Eurobetaling///PREF/M000000002222222//REMI/USTD//T
OTAAL 1 POSTEN/
:62F:C120130EUR19,52
:64:C120130EUR19,52
:65:C120131EUR19,52
:65:C120201EUR19,52
:86:D000003C000000D6,58C0,00
-XXX