{1:F01INGBNL2ABXXX0000000000}
{2:I940INGBNL2AXXXN}
{3:{108:B12345678S000001}}
{4:
:20:P140104000009999
:25:NL20INGB0001234567EUR
:28C:3
:60F:C140102EUR1000,00
:61:1401030103D15,00NTRF5200150700013379//00000000000001
/TRCD/00108/
:86:/EREF/E2E2014030100899040//CNTP/NL08INGB0000001234/INGBNL2A/ING T
estrekening/AMSTERDAM//REMI/STRD/CUR/5200150700013379/
:61:1401030103D300,00NTRFPREF//00000000000002
/TRCD/00200/
:86:/PREF/PMTINFID1401038//REMI/USTD//TOTAAL 2 VZ/
:61:1401030103D12,00NTRFEREF//00000000000003
/TRCD/01025/
:86:/EREF/E2E420140103318//MARF/MNDTID012545488665//CSID/NL99ZZZ99999
9999999//CNTP/NL08INGB0000001234/INGBNL2A/ING Testrekening/AMSTER
DAM//REMI/USTD//INGB20140103UstrdRemiInf454655GHF/
:61:1401030103D300,00NRTIEREF//00000000000004
/TRCD/01304/
:86:/RTRN/MD06//EREF/E2E20140103545//MARF/MNDTID5
653M5//CSID/NL11ZZZ111123333111//CNTP/NL08INGB0000001234/INGBNL2A
/ING Testrekening/AMSTERDAM//REMI/USTD//UstrdRemInf87899100/
:61:1401030103C15,00NTRF5010012368971337//00000000000005
/TRCD/00100/
:86:/EREF/E2E2014030100879665//CNTP/NL08INGB0000001234/INGBNL2A/ING T
estrekening/AMSTERDAM//REMI/STRD/CUR/5010012368971337/
:61:1401030103C20,00NTRF5010012368971337//00000000000006
/TRCD/00101/
:86:/EREF/E2E2014030100655465//CNTP/NL08INGB0000001234/INGBNL2A/ING T
estrekening/AMSTERDAM//REMI/USTD//UstrdRemInf5878992110/
:61:1401030103C25,00NTRF6390338414964113//00000000000007
/TRCD/00108/
:86:/EREF/E2E2014030155826300//CNTP/NL08INGB0000001234/INGBNL2A/ING T
estrekening/AMSTERDAM//REMI/STRD/CUR/6390338414964113/
:61:1401030103C3889,15NDDTPREF//00000000000008
/TRCD/01010/
:86:/PREF/550143//CSID/NL11ZZZ111123333111//REMI/USTD//TOTAAL     168
 POSTEN/
:61:1401030103C20,00NTRFNONREF//00000000000009
/TRCD/00190/
:86:/RTRN/AC04//CNTP/NL08INGB0000001234/INGBNL2A/ING Testrekening/AMS
TERDAM//REMI/USTD//UstrdRemInf6396887117/
:62F:C140103EUR4882,15
:64:C140103EUR4882,15
:86:/NAME/ING BANK N.V.//BIC/INGBNL2A//SUM/4/5/627,00/3969,15/
-}
