{1:F01INGBNL2ABXXX0000000000}{2:I940INGBNL2AXXXN}{3:{108:B12345678S000001}}{4:
:20:P140104000009999
:25:NL20INGB0001234567EUR
:28C:3
:60F:C140102EUR1000,00
:61:1401030103D15,00NTRF5200150700013379//00000000000001
/TRCD/00108/
:86:/EREF/E2E2014030100899040//CNTP/NL08INGB0000001234/INGBNL2A/ING T
estrekening/AMSTERDAM//REMI/STRD/CUR/5200150700013379/
:62F:C140103EUR4882,15
:64:C140103EUR4882,15
:86:/NAME/ING BANK N.V.//BIC/INGBNL2A//SUM/1/0/15,00/0,/
-}{1:F01INGBNL2ABXXX0000000000}{2:I940INGBNL2AXXXN}{3:{108:B12345678S000001}}{4:
:20:P140104000009999
:25:NL20INGB0001234567EUR
:28C:4
:60F:C140102EUR1000,00
:61:1401030103D15,00NTRF5200150700013379//00000000000001
/TRCD/00108/
:86:/EREF/E2E2014030100899040//CNTP/NL08INGB0000001234/INGBNL2A/ING T
estrekening/AMSTERDAM//REMI/STRD/CUR/5200150700013379/
:62F:C140103EUR4882,15
:64:C140103EUR4882,15
:86:/NAME/ING BANK N.V.//BIC/INGBNL2A// SUM/1/0/15,00/0,/
-}
